<record><leader>00000cas a22000007a 4500</leader><controlfield tag="001">25596267</controlfield><controlfield tag="008">920406d19uu19uuilumr ne      0    0eng d</controlfield><datafield ind1=" " ind2=" " tag="010"><subfield code="a">sn 92060417 </subfield></datafield><datafield ind1=" " ind2=" " tag="040"><subfield code="a">YOX</subfield><subfield code="b">eng</subfield><subfield code="c">YOX</subfield><subfield code="d">OCLCQ</subfield></datafield><datafield ind1=" " ind2=" " tag="042"><subfield code="a">msc</subfield></datafield><datafield ind1="0" ind2=" " tag="130"><subfield code="a">Free enterprise (Berwyn, Ill.)</subfield></datafield><datafield ind1="1" ind2="0" tag="245"><subfield code="a">Free enterprise.</subfield></datafield><datafield ind1=" " ind2=" " tag="260"><subfield code="a">Berwyn, Ill. :</subfield><subfield code="b">Berwyn Pub. Co.</subfield></datafield><datafield ind1=" " ind2=" " tag="300"><subfield code="a">v.</subfield></datafield><datafield ind1=" " ind2=" " tag="310"><subfield code="a">Monthly</subfield></datafield><datafield ind1=" " ind2=" " tag="500"><subfield code="a">"The national patriotic action newspaper," &lt;July 15, 1955-Sept. 1958&gt;.</subfield></datafield><datafield ind1=" " ind2=" " tag="550"><subfield code="a">Organ of the political group/movement: We, the people.</subfield></datafield><datafield ind1=" " ind2=" " tag="588"><subfield code="a">Description based on: Vol. 8, no. 1 (July 15, 1955).</subfield></datafield><datafield ind1=" " ind2=" " tag="752"><subfield code="a">United States</subfield><subfield code="b">Illinois</subfield><subfield code="c">Cook</subfield><subfield code="d">Berwyn.</subfield></datafield></record>